<?xml version="1.0" encoding="UTF-8"?><collection xmlns="http://www.loc.gov/MARC21/slim"><record><leader>00512nam--2200193-u-4500</leader><controlfield tag="001">000056571</controlfield><controlfield tag="002">20161230</controlfield><controlfield tag="005">20161230201052</controlfield><controlfield tag="008">160114s1000------------r-----000-0-rus-d</controlfield><datafield ind1=" " ind2=" " tag="040"><subfield code="a">IFIN-HH</subfield></datafield><datafield ind1=" " ind2=" " tag="041"><subfield code="a">rus</subfield></datafield><datafield ind1=" " ind2=" " tag="080"><subfield code="a">530.12:531.111.5</subfield></datafield><datafield ind1="1" ind2=" " tag="100"><subfield code="a">Malkin, I.A</subfield></datafield><datafield ind1="1" ind2="0" tag="245"><subfield code="a">Dinamiceskie simmetrii i kogerentnie sostoiania kvantovih sistem</subfield><subfield code="c">I.A. Malkin, V.I. Manko</subfield></datafield><datafield ind1=" " ind2=" " tag="260"><subfield code="a">Moskba</subfield><subfield code="b">Nauka</subfield><subfield code="c">1979</subfield></datafield><datafield ind1=" " ind2=" " tag="300"><subfield code="a">318p</subfield></datafield><datafield ind1="1" ind2=" " tag="700"><subfield code="a">Manko, V.I</subfield></datafield><datafield ind1=" " ind2=" " tag="852"><subfield code="a">48034</subfield><subfield code="c">530.12</subfield></datafield><datafield ind1=" " ind2=" " tag="CAT"><subfield code="a">Sys</subfield><subfield code="c">20160114</subfield><subfield code="h">151111</subfield></datafield></record></collection>